<?xml version="1.0"?>
<zs:searchRetrieveResponse xmlns:zs="http://www.loc.gov/zing/srw/"><zs:version>1.1</zs:version><zs:numberOfRecords>1</zs:numberOfRecords><zs:records><zs:record><zs:recordSchema>info:srw/schema/1/marcxml-v1.1</zs:recordSchema><zs:recordPacking>xml</zs:recordPacking><zs:recordData><record xmlns="http://www.loc.gov/MARC21/slim">
  <leader>01002nam a2200325 cc4500</leader>
  <controlfield tag="001">BV013575871</controlfield>
  <controlfield tag="003">DE-604</controlfield>
  <controlfield tag="005">00000000000000.0</controlfield>
  <controlfield tag="007">t</controlfield>
  <controlfield tag="008">010206s1960       ab||  m||| 00||| eng d</controlfield>
  <datafield tag="020" ind1=" " ind2=" ">
    <subfield code="a">123</subfield>
    <subfield code="9">123</subfield>
  </datafield>
  <datafield tag="040" ind1=" " ind2=" ">
    <subfield code="a">DE-604</subfield>
    <subfield code="b">ger</subfield>
    <subfield code="e">rakwb</subfield>
  </datafield>
  <datafield tag="100" ind1="1" ind2=" ">
    <subfield code="a">Berthelsen, Asger</subfield>
    <subfield code="d">1928-</subfield>
    <subfield code="e">Verfasser</subfield>
    <subfield code="0">(DE-588)116149027</subfield>
    <subfield code="4">aut</subfield>
  </datafield>
  <datafield tag="245" ind1="1" ind2="0">
    <subfield code="a">Structural studies in the Pre-Cambrian of western Greenland</subfield>
    <subfield code="n">2</subfield>
    <subfield code="p">Geology of Tovqussap Nun&#xE1;</subfield>
    <subfield code="c">by Asger Berthelsen</subfield>
  </datafield>
  <datafield tag="264" ind1=" " ind2="1">
    <subfield code="c">1960</subfield>
  </datafield>
  <datafield tag="264" ind1=" " ind2="1">
    <subfield code="a">K&#xF8;benhavn</subfield>
  </datafield>
  <datafield tag="300" ind1=" " ind2=" ">
    <subfield code="a">223 S.</subfield>
    <subfield code="b">Ill., Kt.</subfield>
    <subfield code="e">4 Kt.</subfield>
  </datafield>
  <datafield tag="940" ind1="1" ind2=" ">
    <subfield code="q">HUB-ZB011200709</subfield>
  </datafield>
  <datafield tag="035" ind1=" " ind2=" ">
    <subfield code="a">(OCoLC)312158810</subfield>
  </datafield>
  <datafield tag="035" ind1=" " ind2=" ">
    <subfield code="a">(DE-599)BVBBV013575871</subfield>
  </datafield>
  <datafield tag="041" ind1="0" ind2=" ">
    <subfield code="a">eng</subfield>
  </datafield>
  <datafield tag="049" ind1=" " ind2=" ">
    <subfield code="a">DE-19</subfield>
    <subfield code="a">DE-11</subfield>
    <subfield code="a">DE-188</subfield>
  </datafield>
  <datafield tag="336" ind1=" " ind2=" ">
    <subfield code="b">txt</subfield>
    <subfield code="2">rdacontent</subfield>
  </datafield>
  <datafield tag="337" ind1=" " ind2=" ">
    <subfield code="b">n</subfield>
    <subfield code="2">rdamedia</subfield>
  </datafield>
  <datafield tag="338" ind1=" " ind2=" ">
    <subfield code="b">nc</subfield>
    <subfield code="2">rdacarrier</subfield>
  </datafield>
  <datafield tag="490" ind1="1" ind2=" ">
    <subfield code="a">...</subfield>
    <subfield code="v">25</subfield>
  </datafield>
  <datafield tag="490" ind1="0" ind2=" ">
    <subfield code="a">Gr&#xF8;nlands Geologiske Unders&#xF8;gelse: Bulletin</subfield>
    <subfield code="v">...</subfield>
  </datafield>
  <datafield tag="500" ind1=" " ind2=" ">
    <subfield code="a">SA aus: Meddelelser om Gr/onland ; 123,1</subfield>
  </datafield>
  <datafield tag="773" ind1="0" ind2="8">
    <subfield code="w">(DE-604)BV013568231</subfield>
    <subfield code="g">2</subfield>
  </datafield>
  <datafield tag="830" ind1=" " ind2="0">
    <subfield code="a">...</subfield>
    <subfield code="v">25</subfield>
    <subfield code="w">(DE-604)BV000898335</subfield>
  </datafield>
</record></zs:recordData><zs:recordPosition>1</zs:recordPosition></zs:record></zs:records></zs:searchRetrieveResponse>
